<?xml version="1.0" encoding="UTF-8"?><record xmlns="http://www.loc.gov/MARC21/slim" xmlns:cinclude="http://apache.org/cocoon/include/1.0" xmlns:zs="http://www.loc.gov/zing/srw/">
  <leader>00482nz  a2200121n  4500</leader>
  <controlfield tag="001">no 89005783 </controlfield>
  <controlfield tag="003">DLC</controlfield>
  <controlfield tag="005">19890518053527.5</controlfield>
  <controlfield tag="008">890426n| acannaab|          |n ana      </controlfield>
  <datafield tag="010" ind1=" " ind2=" ">
    <subfield code="a">no 89005783 </subfield>
  </datafield>
  <datafield tag="040" ind1=" " ind2=" ">
    <subfield code="a">DLC-S</subfield>
    <subfield code="c">DLC-S</subfield>
  </datafield>
  <datafield tag="110" ind1="2" ind2="0">
    <subfield code="a">Nea Dēmokratia (Greece).</subfield>
    <subfield code="b">Grapheio Oikonomikōn Meletōn</subfield>
  </datafield>
  <datafield tag="670" ind1=" " ind2=" ">
    <subfield code="a">Enēmerōtiko deltio (Nea Dēmokratia (Greece).  Grapheio Oikonomikōn Meletōn).  Enēmerōtiko deltio, Dek. 1986:</subfield>
    <subfield code="b">t.p. (Nea Dēmokratia, Grapheio Oikonomikōn Meletōn)</subfield>
  </datafield>
</record>